@article{Gallager1962,
    author = {Robert G. Gallager},
    title = {Low-Density Parity-Check Codes},
    journal = {IRE Transactions on Information Theory},
    year = {1962},
}

